
@incollection{logozzoInference,
year={2013},
isbn={978-3-642-35872-2},
booktitle={Verification, Model Checking, and Abstract Interpretation},
volume={7737},
series={Lecture Notes in Computer Science},
editor={Giacobazzi, Roberto and Berdine, Josh and Mastroeni, Isabella},
doi={10.1007/978-3-642-35873-9_10},
title={Automatic Inference of Necessary Preconditions},
url={http://dx.doi.org/10.1007/978-3-642-35873-9_10},
publisher={Springer Berlin Heidelberg},
author={Cousot, Patrick and Cousot, Radhia and FÃ¤hndrich, Manuel and Logozzo, Francesco},
pages={128-148}
}

@book{solar2011Sketching,
  title={Program Synthesis by Sketching},
  author={Solar-Lezama, A.},
  isbn={9781243994462},
  url={http://books.google.com/books?id=bN5npwAACAAJ},
  year={2011},
  publisher={BiblioBazaar}
}

@article{KingSE,
 author = {King, James C.},
 title = {Symbolic execution and program testing},
 journal = {Commun. ACM},
 issue_date = {July 1976},
 volume = {19},
 number = {7},
 month = jul,
 year = {1976},
 issn = {0001-0782},
 pages = {385--394},
 numpages = {10},
 url = {http://doi.acm.org/10.1145/360248.360252},
 doi = {10.1145/360248.360252},
 acmid = {360252},
 publisher = {ACM},
 address = {New York, NY, USA},
 keywords = {program debugging, program proving, program testing, program verification, symbolic execution, symbolic interpretation},
}

@inproceedings{JonesTarantula,
 author = {Jones, James A. and Harrold, Mary Jean and Stasko, John},
 title = {Visualization of test information to assist fault localization},
 booktitle = {Proceedings of the 24th International Conference on Software Engineering},
 series = {ICSE '02},
 year = {2002},
 isbn = {1-58113-472-X},
 location = {Orlando, Florida},
 pages = {467--477},
 numpages = {11},
 url = {http://doi.acm.org/10.1145/581339.581397},
 doi = {10.1145/581339.581397},
 acmid = {581397},
 publisher = {ACM},
 address = {New York, NY, USA},
}

@inproceedings{SemFix,
    author = {Nguyen, Hoang D. T. and Qi, Dawei and Roychoudhury, Abhik and Chandra, Satish},
    title = {SemFix: Program Repair via Semantic Analysis},
    booktitle = {Proceedings of the 35th International Conference on Software Engineering},
    series = {ICSE '13},
    year = {2013},
    location = {San Francisco, California},
    publisher = {ACM},
}
